<?xml version="1.0" encoding="UTF-8"?><collection xmlns="http://www.loc.gov/MARC21/slim"><record><leader>00424nam--2200157-i-4500</leader><controlfield tag="001">000039045</controlfield><controlfield tag="002">20161230</controlfield><controlfield tag="005">20170128191751</controlfield><controlfield tag="008">060222s1000------------r-----000-0-eng-d</controlfield><datafield ind1=" " ind2=" " tag="080"><subfield code="a">621.396</subfield></datafield><datafield ind1=" " ind2=" " tag="100"><subfield code="a">Richter, Heinz</subfield></datafield><datafield ind1=" " ind2=" " tag="245"><subfield code="a">Taschenbuch der fernseh und ukw empfangs-technik</subfield></datafield><datafield ind1=" " ind2=" " tag="260"><subfield code="a">Stuttgart</subfield><subfield code="b">Franckh`Sche Verlagshandlung</subfield><subfield code="c">1956</subfield></datafield><datafield ind1=" " ind2=" " tag="300"><subfield code="a">353 p. + 369 Fig</subfield></datafield><datafield ind1=" " ind2=" " tag="852"><subfield code="a">12656</subfield></datafield><datafield ind1=" " ind2=" " tag="CAT"><subfield code="a">SYS</subfield><subfield code="c">20170128</subfield><subfield code="h">191751</subfield></datafield></record></collection>